@article{lamport1986latex,
    title={LaTEX: User's Guide \& Reference Manual},
    author={Lamport, Leslie},
    year={1986},
    publisher={Addison-Wesley}
}

@article{wessberg2000real,
	title={Real-time prediction of hand trajectory 
	by ensembles of cortical neurons in primates},
	author={Wessberg, Johan and Stambaugh, Christopher R and 
	Kralik,Jerald D and 
	Beck, Pamela D and Laubach, Mark and 
	Chapin, John K and Kim, Jung and Biggs, S James and 
	Srinivasan, Mandayam A and Nicolelis, Miguel AL},
	journal={Nature},
	volume={408},
	number={6810},
	pages={361--365},
	year={2000},
	publisher={Nature Publishing Group}
}

@book{knuth,
	title={The texbook},
	author={Knuth, D.E. and Bibby, D. and Makai, I.},
	volume={1993},
	year={1986},
	publisher={Addison-Wesley}
}


@online{anda,
  author = {ANDA},
  title = {ONG cria jogos para celular como forma de educar contra a caça},
  year = 2015,
  url = {http://www.anda.jor.br/07/09/2015/ong-cria-jogos-celular-forma-educar-caca%E2%80%8F},
  urldate = {12/11/2015}
}
@online{gen,
  author = {Tulio Teixeira COTA and Nilton Vieira JUNIOR and Lucila ISHITANI},
  title = {Impacto do gênero de jogo digital na motivação dos idosos para jogar},
  year = 2014,
  url = {http://www.anda.jor.br/07/09/2015/ong-cria-jogos-celular-forma-educar-caca%E2%80%8F},
  urldate = {3/11/2015}
}
@online{gen1,
  author = {Fabio LUCCHESE and Bruno RIBEIRO},
  title = {Conceituação de Jogos Digitais},
  year = 2014,
  url = {http://www.dca.fee.unicamp.br/~martino/disciplinas/ia369/trabalhos/t1g3.pdf},
  urldate = {4/19/2015}
}
@online{graf,
  author = {Maycon Prado Rocha Silva and Paula Dornhofer Paro Costa and Paulo S´ergio Prampero and Vera Aparecida de Figueiredo},
  title = {Elementos de Computacao Grafica
utilizados em Jogos Digitais 2D},
  year = 2009,
  url = {http://www.dca.fee.unicamp.br/~martino/disciplinas/ia369/trabalhos/t1g3.pdf},
  urldate = {4/9/2015}
}



@misc{lamport,
	title={Document Preparation System},
	author={Lamport, L. and LaTEX, A.},
	year={1994},
	publisher={Addison-Wesley}
}

@MASTERSTHESIS{desa,
	author = {MARCELO KORJENIOSKI},
	TITLE = {Desenvolvimento de Jogos 2D com Android},
	SCHOOL = {UNIVERSIDADE TECNOLÓGICA FEDERAL DO PARANÁ},
	YEAR = {2011},
	}

@article{,
	title={DESENVOLVIMENTO DE JOGOS 2D COM ANDROID},
	author={MARCELO KORJENIOSKI},
	journal={Rev. Eletr. Enf.},
	volume={10},
	number={1},
	pages={29-38},
	year={2011},
}

@inproceedings{Huetal2000,
	author = "J. Hu and H.R. Wu and A. Jennings and X. Wang",
	title = "Fast and robust equalization: A case study",
	booktitle = "Proceedings of the World Multiconference on Systemics, Cybernetics and Informatics, (SCI 2000), Florida, USA, 23-26 July 2000",
	publisher = "International Institute of Informatics and Systemics", 
	address = "FL, USA",
	pages = "398--403",
	year = "2000"
}

@book{somm,
  author    = {SOMMERVILLE}, 
  title     = {Engenharia de software},
  publisher = {Pearson Education},
  year      = {2007},
 }
 @online{mov,
  author = {Rainara Maia Santos},
  title = {Analise do contexto móvel nos teste de usabilidade de aplica coes moveis},
  year = 2011,
  url = {http://www.repositoriobib.ufc.br/000012/00001234.pdf},
  urldate = {8/11/2015}
}
@online{vac,
  author = {Alexandre Marcos Lins de Vasconcelos and Ana Cristina Rouiller and Cristina Ângela Filipak Machado and Teresa Maria Maciel de Medeiros},
  title = {Introdução à engenharia de software e à qualidade de software},
  year = 2006,
  url = {http://mtc-m16.sid.inpe.br/col/sid.inpe.br/jeferson/2004/12.10.09.14/doc/publicacao.pdf. },
  urldate = {01/10/2015}
}
@online{anda,
  author = {ANDA},
  title = {ONG cria jogos para celular como forma de educar contra a caça},
  year = 2015,
  url = {http://www.anda.jor.br/07/09/2015/ong-cria-jogos-celular-forma-educar-caca%E2%80%8F},
  urldate = {12/11/2015}
}

@online{1cel,
  author = {Romannessa Sanches},
  title = {O primeiro celular da história},
  year = 2011,
  url = {http://www.techtudo.com.br/noticias/noticia/2011/07/o-primeiro-celular-da-historia.html},
  urldate = {01/10/2015}
}
@online{gar,
  author = {Raquel Freire},
  title = {96,8\% de todos os smartphones vendidos no planeta são Android ou iPhone},
  year = 2015,
  url = {http://www.techtudo.com.br/noticias/noticia/2015/08/968-de-todos-os-smartphones-vendidos-no-planeta-sao-android-ou-iphone.html},
  urldate = {12/11/2015}
}
@online{mcti,
  author = {Mirelle Pinheiro},
  title = {Brasil decola na indústria de apps e mercado acumula lucros nesta década},
  year = 2015,
  url = {http://www.correiobraziliense.com.br/app/noticia/tecnologia/2015/05/11/interna_tecnologia,482694/brasil-decola-na-industria-de-apps-e-mercado-acumula-lucros-nesta-deca.shtml},
  urldate = {12/11/2015}
}

@online{dif,
  author = {Luisa Ambros},
  title = {Diferença entre Aplicativos Nativos, Híbridos e Mobile Web Apps},
  year = 2013,
  url = {http://www.luisaambros.com/blog/diferenca-entre-aplicativos-nativos-hibridos-e-mobile-web-apps/},
  urldate = {01/10/2015}
}
@online{smar,
  author = {Carlos Eugenio Torres},
  title = {Palestra Mobilidade - Computação móvel, Dispositivos e Aplicativos 2013},
  year = 2013,
  url = {http://pt.slideshare.net/cetorres/palestra-mobilidade-computao-mvel-dispositivos-e-aplicativos-2013},
  urldate = {01/10/2015}
}
@online{oqsmar,
  author = {Alex Benfica},
  title = {O que é Smartphone?},
  year = 2011,
  url = {http://www.telefonescelulares.com.br/o-que-e-smartphone/},
  urldate = {01/10/2015}
}
@online{gp,
  author = {Alexandre},
  title = {O que é Google Play?},
  year = 2012,
  url = { http://smartmundo.com/o-que-e-play-store/},
  urldate = {08/12/2015}
}

@online{tt,
  author = {GUSTAVO CARVALHO},
  title = {Como publicar no Google Play},
  year = 2012,
  url = { http://www.tutoriandroid.com/2012/05/como-publicar-no-google-play.html}
  urldate = {08/12/2015}
}

@online{doc,
  author = {Roberto Hammerschmidt},
  title = {Linha do Tempo: por dentro da evolução do Android},
  year = 2015,
  url = {http://www.tecmundo.com.br/android/82344-linha-tempo-dentro-evolucao-do-sistema-android.htm},
  urldate = {25/11/2015}
}
@online{vs,
  author = {Blog AppsAndroid},
  title = {Conheçam todas as versões do Android e seus maravilhos doces},
  year = 2015,
  url = { http://www.aplicativosandroid.com/conhecam-todas-as-versoes-do-android-e-seus-maravilhos-doces/3891}
  urldate = {25/11/2015}
}
@online{scrum,
  author = {Denisson Vieira},
  title = {Scrum: A Metodologia Ágil Explicada de forma Definitiva },
  year = 2014,
  url = {http://www.mindmaster.com.br/scrum/},
  urldate = {05/10/2015}
}
@online{cv,
  author = {Allan Ramos},
  title = {Controle de Versão,Git, Github e Bitbucket – Afinal, o que é tudo isso ?},
  year = 2015,
  url = {https://aprendendowww.wordpress.com/2015/02/20/controle-de-versaogit-github-e-bitbucket-afinal-o-que-e-tudo-isso/},
  urldate = {12/11/2015}
}
@online{bit,
  author = {Everson Mauda},
  title = {Controle de Versão de Códigos – BitBucket – Parte 1},
  year = 2015,
  url = {http://www.mauda.com.br/?p=297},
  urldate = {05/10/2015}
}


@book{euc,
  author    = {Eucidio Pimenta Arruda}, 
  title     = {Fundamentos para o Desenvolvimento de Jogos Digitais},
  publisher = {Bookman},
  year      = {2014},
 }
